
@MISC{ref1,
  author        = "Nome do Autor",
  title         = "Titulo",
  year          = "2006"
}